@ARTICLE{helbing_social_force,
  author = {D. Helbing and P. Molnar},
  title = {Social force model for pedestrian dynamics},
  journal = {Physical review E},
  year = {1995},
  pages = {5}
}

@article{helbing1998generalized,
  title={Generalized force model of traffic dynamics},
  author={Helbing, Dirk and Tilch, Benno},
  journal={Physical review E},
  volume={58},
  number={1},
  pages={133},
  year={1998},
  publisher={APS}
}

@ARTICLE{helbing_escape_panic,
  author = {D. Helbing and I. Farkas and T. Vicsek},
  title = {Simulating dynamical features of escape panic},
  journal = {Nature},
  year = {2000},
  pages = {4}
}

@article{helbing2001self,
  title={Self-organizing pedestrian movement},
  author={Helbing, Dirk and Moln{\'a}r, P{\'e}ter and Farkas, Ill{\'e}s J and Bolay, Kai},
  journal={Environment and planning B: planning and design},
  volume={28},
  number={3},
  pages={361--383},
  year={2001},
  publisher={SAGE Publications Sage UK: London, England}
}

@ARTICLE{helbing_evacuation,
  author = {D. Helbing and I. Farkas and T. Vicsek and P. Molnar},
  title = {Simulation of pedestrian crowds in normal and evacuation situations},
  journal={Pedestrian and evacuation dynamics},
  volume={21},
  number={2},
  publisher = {Springer},
  year = {2002},
  pages="21--58",
}

@article{helbing2005self,
  title={Self-organized pedestrian crowd dynamics: Experiments, simulations, and design solutions},
  author={Helbing, Dirk and Buzna, Lubos and Johansson, Anders and Werner, Torsten},
  journal={Transportation science},
  volume={39},
  number={1},
  pages={1--24},
  year={2005},
  publisher={INFORMS}
}

@article{helbing2007dynamics,
  title={Dynamics of crowd disasters: An empirical study},
  author={Helbing, Dirk and Johansson, Anders and Al-Abideen, Habib Zein},
  journal={Physical review E},
  volume={75},
  number={4},
  pages={046109},
  year={2007},
  publisher={APS}
}

@article{moussaid2011simple,
  title={How simple rules determine pedestrian behavior and crowd disasters},
  author={Moussa{\"\i}d, Mehdi and Helbing, Dirk and Theraulaz, Guy},
  journal={Proceedings of the National Academy of Sciences},
  volume={108},
  number={17},
  pages={6884--6888},
  year={2011},
  publisher={National Acad Sciences}
}

@article{macal2010tutorial,
  title={Tutorial on agent-based modelling and simulation},
  author={Macal, Charles M and North, Michael J},
  journal={Journal of simulation},
  volume={4},
  number={3},
  pages={151--162},
  year={2010},
  publisher={Springer}
}

@article{smith2007agent,
  title={Agent-based modeling: A new approach for theory building in social psychology},
  author={Smith, Eliot R and Conrey, Frederica R},
  journal={Personality and social psychology review},
  volume={11},
  number={1},
  pages={87--104},
  year={2007},
  publisher={Sage Publications Sage CA: Thousand Oaks, CA}
}

@article{ren2009agent,
  title={Agent-based modeling and simulation on emergency evacuation},
  author={Ren, Chuanjun and Yang, Chenghui and Jin, Shiyao},
  journal={Complex Sciences},
  pages={1451--1461},
  year={2009},
  publisher={Springer}
}

@article{kirchner2002simulation,
  title={Simulation of evacuation processes using a bionics-inspired cellular automaton model for pedestrian dynamics},
  author={Kirchner, Ansgar and Schadschneider, Andreas},
  journal={Physica A: statistical mechanics and its applications},
  volume={312},
  number={1},
  pages={260--276},
  year={2002},
  publisher={Elsevier}
}

@article{wolfram1984cellular,
  title={Cellular automata as models of complexity},
  author={Wolfram, Stephen and others},
  journal={Nature},
  volume={311},
  number={5985},
  pages={419--424},
  year={1984}
}

@book{chopard1998cellular,
  title={Cellular automata},
  author={Chopard, B and Droz, M},
  year={1998},
  publisher={Springer}
}

@article{patrix2012detection,
  title={Detection of primitive collective behaviours in a crowd panic simulation based on multi-agent approach},
  author={Patrix, J{\'e}r{\'e}my and Mouaddib, Abdel-Illah and Gatepaille, Sylvain},
  journal={International Journal of Swarm Intelligence Research (IJSIR)},
  volume={3},
  number={3},
  pages={50--65},
  year={2012},
  publisher={IGI Global}
}

@article{mawson2005understanding,
  title={Understanding mass panic and other collective responses to threat and disaster},
  author={Mawson, Anthony R},
  journal={Psychiatry: Interpersonal and biological processes},
  volume={68},
  number={2},
  pages={95--113},
  year={2005},
  publisher={Guilford Press}
}

@article{guten1972likelihood,
  title={Likelihood of escape, likelihood of danger, and panic behavior},
  author={Guten, Sharon and Allen, Vernon L},
  journal={The Journal of social psychology},
  volume={87},
  number={1},
  pages={29--36},
  year={1972},
  publisher={Taylor \& Francis}
}

@article{quarantelli1975panic,
  title={Panic Behavior: some empirical observations},
  author={Quarantelli, Enrico L},
  year={1975},
  publisher={Disaster Research Center}
}

@article{quarantelli2001sociology,
  title={The sociology of panic},
  author={Quarantelli, Enrico Louis},
  year={2001},
  publisher={Disaster Research Center}
}

@book{quarantelli1999sociology,
  title={The sociology of panic},
  author={Quarantelli, Enrico Louis},
  year={1999},
  publisher={Disaster Research Center, University of Delaware Delaware}
}

@article{quarantelli1979panic,
  title={Panic behavior in fire situations: Findings and a model from the English language research literature},
  author={Quarantelli, Enrico L},
  year={1979},
  publisher={Disaster Research Center}
}

@inproceedings{robinette2011incorporating,
  title={Incorporating a model of human panic behavior for robotic-based emergency evacuation},
  author={Robinette, Paul and Howard, Ayanna M},
  booktitle={RO-MAN, 2011 IEEE},
  pages={47--52},
  year={2011},
  organization={IEEE}
}

@ARTICLE{helbing_fluid,
  author="D. Helbing",
  title="A Fluid-Dynamic Model for the Movement of Pedestrians",
  journal="Complex systems",
  year="1992",
  volume="6",
  number="5",
  pages="391-415",
  abstract="A fluid-dynamic description for the collective movement of pedestrians is developed on the basis of a Boltzmann-like gas-kinetic model. The differences between these pedestrian-specific equations and those for ordinary fluids are worked out; they concern, for example, the mechanism of relaxation to equilibrium, the role of &quot;pressure,'' the special influence of internal friction, and the origin of &quot;temperature.'' Some interesting results are derived that can be compared to real situations--for example, the development of walking lanes and of pedestrian jams, the propagation of waves, and behavior on a dance floor. Possible applications of the model to town- and traffic-planning are outlined.  <p>Language: en</p>",
  language="en",
  issn="0891-2513",
  doi="",
}

@BOOK{model_gost,
  title = {Рекомендации по расчету параметров эвакуации людей на основании положений ГОСТ 12.1.004-91 "Пожарная безопасность. Общие требования"},
  language = {russian},
  publisher = {МЧС Беларуси},
  pages = {43},
  address = {Минск},
  year = {2009}
}

@BOOK{gost_fire_safety,
  title = {ГОСТ 12.1.004-91. Система стандартов безопасности труда. Пожарная безопасность. Общие требования. --- Введ. 1992--07--01},
  language = {russian},
  publisher = {Издательство стандартов},
  pages = {97},
  address = {Москва},
  year = {1996}
}

@BOOK{my_diploma,
  title = {Пояснительная записка к дипломному проекту на тему программное средство определения вероятных областей скопления людей в помещениях},
  language = {russian},
  publisher = {БГУИР},
  pages = {99},
  address = {Минск},
  year = {2015}
}

@ARTICLE{adler_cellular,
  title = {Cellular automata microsimulation for modeling bi-directional pedestrian walkways},
  author = {Blue, Victor J. and Adler, Jeffrey L.},
  year = {2001},
  journal = {Transportation Research Part B: Methodological},
  volume = {35},
  number = {3},
  pages = {293-312},
  abstract = {Pedestrian flow is inherently complex, more so than vehicular flow, and development of microscopic models of pedestrian flow has been a daunting task for researchers. This paper presents the use of Cellular automata (CA) microsimulation for modeling bi-directional pedestrian walkways. It is shown that a small rule set is capable of effectively capturing the behaviors of pedestrians at the micro-level while attaining realistic macro-level activity. The model provides for simulating three modes of bi-directional pedestrian flow: (a) flows in directionally separated lanes, (b) interspersed flow, and (c) dynamic multi-lane (DML) flow. The emergent behavior that arises from the model, termed CA-Ped, is consistent with well-established fundamental properties.},
}

@INPROCEEDINGS{okazakia_magnetic_force,
    author = {S. Okazakia and S. Matsushitaa},
    title = {A Study of Simulation Model for Pedestrian Movement with Evacuation and Queuing},
    booktitle = {Proceedings of the International Conference on Engineering for Crowd Safety},
    year = {1993}
}

@MISC{ruby_main,
  title = {Ruby Lang [Электронный ресурс]},
  howpublished = {Электронные данные},
  note = {Режим доступа: \url{https://www.ruby-lang.org}. --- Дата доступа: 22.02.2017},
  timestamp = {2017.02.22}
}

@MISC{ruby_doc,
  title = {Ruby-Doc.org [Электронный ресурс]},
  howpublished = {Электронные данные},
  note = {Режим доступа: \url{http://ruby-doc.org/}. --- Дата доступа: 22.02.2017},
  timestamp = {2017.02.22}
}

@MISC{ruby_crack_gem,
  title = {Crack github page [Электронный ресурс]},
  howpublished = {Электронные данные},
  note = {Режим доступа: \url{https://github.com/jnunemaker/crack}. --- Дата доступа: 12.04.2017},
  timestamp = {2017.04.12}
}

@MISC{rust_main,
  title = {Rust Lang [Электронный ресурс]},
  howpublished = {Электронные данные},
  note = {Режим доступа: \url{http://www.rust-lang.org/}. --- Дата доступа: 22.02.2017},
  timestamp = {2017.02.22}
}

@MISC{rust_doc,
  title = {Rust Documentation [Электронный ресурс]},
  howpublished = {Электронные данные},
  note = {Режим доступа: \url{https://doc.rust-lang.org/}. --- Дата доступа: 22.02.2017},
  timestamp = {2017.02.22}
}

@MISC{rust_anymap_cargo,
  title = {Anymap github page [Электронный ресурс]},
  howpublished = {Электронные данные},
  note = {Режим доступа: \url{https://github.com/chris-morgan/anymap}. --- Дата доступа: 06.05.2015},
  timestamp = {2015.05.06}
}

@MISC{rust_linked_list_cargo,
  title = {LinkedList github page [Электронный ресурс]},
  howpublished = {Электронные данные},
  note = {Режим доступа: \url{https://github.com/contain-rs/linked-list}. --- Дата доступа: 06.05.2015},
  timestamp = {2017.05.06}
}

@MISC{svg_home,
  title = {W3C SVG Working Group [Электронный ресурс]},
  howpublished = {Электронные данные},
  note = {Режим доступа: \url{http://www.w3.org/Graphics/SVG/}. --- Дата доступа: 06.05.2017},
  timestamp = {2017.05.06}
}

@BOOK{linelg_book,
  title = {Векторная и линейная алгебра. Аналитическая геометрия : пособие для проведения практ. занятий по высшей математике},
  publisher = {БГУИР},
  year = {2013},
  author = {В. В. Цегельник},
  pages = {84},
  address = {Минск},
  language = {russian},
  timestamp = {2015.05.15}
}

@BOOK{probability_modeling,
  title = {Вероятностное моделирование на ЭВМ},
  publisher = {Сов. радио},
  year = {1971},
  author = {Ю. Г. Полляк},
  pages = {400},
  address = {Москва},
  language = {russian},
  timestamp = {2015.05.15}
}

@BOOK{shennon_modeling,
  title = {Имитационное моделирование систем --- искусство и наука},
  publisher = {Мир},
  year = {1978},
  author = {Р. Шеннон},
  pages = {420},
  address = {Москва},
  language = {russian},
  timestamp = {2015.05.15}
}

@MISC{libsdl_home,
  title = {Libsdl [Электронный ресурс]},
  howpublished = {Электронные данные},
  note = {Режим доступа: \url{https://www.libsdl.org/}. --- Дата доступа: 07.05.2017},
  timestamp = {2017.05.07}
}

@MISC{libsdl_ttf_home,
  title = {SDL ttf [Электронный ресурс]},
  howpublished = {Электронные данные},
  note = {Режим доступа: \url{https://www.libsdl.org/projects/SDL_ttf/}. --- Дата доступа: 07.05.2017},
  timestamp = {2017.05.07}
}

@MISC{librsvg_home,
  title = {Librsvg [Электронный ресурс]},
  howpublished = {Электронные данные},
  note = {Режим доступа: \url{https://wiki.gnome.org/action/show/Projects/LibRsvg}. --- Дата доступа: 07.05.2017},
  timestamp = {2017.05.07}
}

@MISC{cairo_home,
  title = {cairographics.org [Электронный ресурс]},
  howpublished = {Электронные данные},
  note = {Режим доступа: \url{http://cairographics.org/}. --- Дата доступа: 07.05.2017},
  timestamp = {2017.05.07}
}

@MISC{git_diff,
  title = {Git diff command [Электронный ресурс]},
  howpublished = {Электронные данные},
  note = {Режим доступа: \url{https://git-scm.com/docs/git-diff}. --- Дата доступа: 10.05.2017},
  timestamp = {2017.05.07}
}


@MISC{pedestrian_dynamics,
  title = {Pedestrian Dynamics [Электронный ресурс]},
  howpublished = {Электронные данные},
  note = {Режим доступа: \url{http://www.pedestrian-dynamics.com/}. --- Дата доступа: 23.03.2015},
  timestamp = {2015.03.23}
}

@MISC{anylogic,
  title = {Anylogic [Электронный ресурс]},
  howpublished = {Электронные данные},
  note = {Режим доступа: \url{http://www.anylogic.com/}. --- Дата доступа: 23.03.2015},
  timestamp = {2015.03.23}
}

@BOOK{econ_palicyn,
  title = {Технико-экономическое обоснование дипломных проектов: Методическое пособие
    для студентов всех специальностей БГУИР. В 4-х ч. Ч. 4: Проекты программного обеспечения},
  publisher = {БГУИР},
  year = {2006},
  author = {В. А. Палицын},
  pages = {76},
  address = {Минск},
  language = {russian},
  timestamp = {2015.04.15}
}

@MISC{belcalendar_2015,
  title = {Календарь праздников на 2015 год для Беларуси [Электронный ресурс]},
  howpublished = {Электронные данные},
  note = {Режим доступа: \url{http://calendar.by/2015/\#bkm}. --- Дата доступа: 22.02.2015},
  language = {russian},
  timestamp = {2015.02.22}
}

@BOOK{ot_emr_pc,
  title = {Антропогенные источники электромагнитных излучений: Безопасность жизнедеятельности человека},
  publisher = {Бестпринт},
  year = {2008},
  author = {Т.В. Борботько AND Т.В. Колбун AND Л.М. Лыньков},
  pages = {214},
  address = {Минск},
  language = {russian},
  timestamp = {2015.04.15}
}

@ARTICLE{ot_long_work_pc,
  title = {Длительная работа за компьютером и ее негативное влияние на функции организма},
  author = {Е.Е. Волкова AND Е.А. Лукьянова AND В.Д. Проценко},
  journal = {Вестник российского университета дружбы народов. Серия: медицина},
  year = {2006},
  pages = {4}
}

@ARTICLE{ot_back_diseases,
  title = {Физическая культура для профилактики остеохондроза программиста},
  author = {В.О. Черемушников AND И.В. Чернышева AND М.В. Шлемова AND Е.В. Егорычева},
  journal = {Международный журнал экспериментального образования},
  year = {2014},
  pages = {2}
}

@ARTICLE{ot_eyes,
  title = {Влияние опасных излучений монитора на зрение детей и подростков и меры по защите глаз},
  author = {С. В. Альшевская AND Ю. Г. Фёдоров AND Т. А. Бирич AND Д. А. Войтович},
  journal = {Медицинские новости},
  year = {2010},
  number = {5-6},
  pages = {112-115}
}

@ARTICLE{ot_sit,
  title = {Актуальные проблемы формирования здоровья школьников},
  author = {Л. П. Макарова AND А. В. Соловьёв AND Л. И. Сыромятникова},
  journal = {Молодой ученый},
  year = {2013},
  number = {12},
  pages = {494-496}
}

@BOOK{michnuk_2009,
  title = {Охрана труда : учебник [утв. МО РБ]},
  publisher = {ИВЦ Минфина},
  year = {2009},
  author = {Т. Ф. Михнюк},
  pages = {345},
  address = {Минск},
  language = {russian},
  owner = {mstyura},
  timestamp = {2013.02.26}
}

@BOOK{yashin_2009,
  title = {Охрана труда, экологическая безопасность, энергосбережение : метод.
    пособие по выполнению дипломных проектов (работ)},
  publisher = {БГУИР},
  year = {2009},
  editor = {Т. Ф. Михнюка},
  author = {Т. Ф. Михнюк AND И. С. Асаенок AND И. И. Кирвель AND А. И. Навоша
    AND К. Д. Яшин},
  pages = {36},
  address = {Минск},
  language = {russian},
  owner = {mstyura},
  timestamp = {2013.02.26}
}

@BOOK{testing_bahtizin,
  title = {Автоматизация тестирования программного обеспечения. Работа в среде SilkTest 8.0 : учебно-метод. пособие},
  publisher = {БГУИР},
  year = {2012},
  editor = {Бахтизин, В. В.},
  author = {В. В. Бахтизин AND С. С. Куликов AND Е. П. Фадеева},
  pages = {72},
  address = {Минск},
  language = {russian},
  owner = {mstyura},
  timestamp = {2015.05.20}
}
